<?xml version="1.0" encoding="UTF-8"?>
<record xmlns="http://www.loc.gov/MARC21/slim">
   <leader>01104cam a22002417a 4500</leader>
   <controlfield tag="001">1202557</controlfield>
   <controlfield tag="003">NjP</controlfield>
   <controlfield tag="005">20171101112822.0</controlfield>
   <controlfield tag="008">980120s1960    iq           |||| ||ara|d</controlfield>
   <datafield tag="024" ind1="7" ind2=" ">
      <subfield code="a">princeton_aco003786</subfield>
      <subfield code="2">local</subfield>
   </datafield>
   <datafield ind1=" " ind2=" " tag="035">
      <subfield code="a">(OCoLC)39826285</subfield>
   </datafield>
   <datafield ind1=" " ind2=" " tag="035">
      <subfield code="a">(CStRLIN)NJPG98-B4020</subfield>
   </datafield>
   <datafield ind1=" " ind2=" " tag="035">
      <subfield code="9">CCV8499TS</subfield>
   </datafield>
   <datafield ind1=" " ind2=" " tag="040">
      <subfield code="a">MH</subfield>
      <subfield code="c">MH</subfield>
      <subfield code="d">CStRLIN</subfield>
      <subfield code="d">NjP</subfield>
   </datafield>
   <datafield ind1=" " ind2=" " tag="043">
      <subfield code="a">a-iq---</subfield>
   </datafield>
   <datafield ind1="1" ind2=" " tag="100">
      <subfield code="a">Qāsim, ʻAbd al-Karīm,</subfield>
      <subfield code="d">1914-1963.</subfield>
      <subfield code="0">http://id.loc.gov/authorities/names/n88242481</subfield>
   </datafield>
   <datafield ind1="1" ind2="0" tag="245">
      <subfield code="a">Taḥyā al-waḥdah al-ʻIrāqīyah al-ṣādiqah.</subfield>
   </datafield>
   <datafield ind1=" " ind2=" " tag="260">
      <subfield code="a">[Baghdad] :</subfield>
      <subfield code="b">Wizārat al-Irshād, Mudīrīyat al-Funūn wa-al-Thaqāfah al-Shaʻbīyah,</subfield>
      <subfield code="c">[1960]</subfield>
   </datafield>
   <datafield ind1=" " ind2=" " tag="300">
      <subfield code="a">16 p. :</subfield>
      <subfield code="b">ill.</subfield>
   </datafield>
   <datafield ind1=" " ind2="0" tag="440">
      <subfield code="a">Silsilat al-thaqāfah al-shaʻbīyah ;</subfield>
      <subfield code="v">13</subfield>
   </datafield>
   <datafield ind1=" " ind2=" " tag="500">
      <subfield code="a">"Naṣṣ al-khiṭāb al-rāʾiʻ alladhī irtajalahu al-Zaʻīm ʻAbd al-Karīm Qāsim fī ḥaflat takharruj al-Kullīyah al-ʻAskarīyah masāʾ al-Khamīs 14 Tammūz 1960."</subfield>
   </datafield>
   <datafield ind1=" " ind2="0" tag="651">
      <subfield code="a">Iraq</subfield>
      <subfield code="x">History</subfield>
      <subfield code="y">1958-</subfield>
      <subfield code="0">http://id.loc.gov/authorities/subjects/sh85067952</subfield>
   </datafield>
   <datafield ind1=" " ind2=" " tag="998">
      <subfield code="a">01/20/98</subfield>
      <subfield code="s">9555</subfield>
      <subfield code="n">NjP</subfield>
      <subfield code="w">MAHGBIU23687B</subfield>
      <subfield code="d">01/20/98</subfield>
      <subfield code="c">KC</subfield>
      <subfield code="b">KC</subfield>
      <subfield code="i">980120</subfield>
      <subfield code="l">NJPG</subfield>
   </datafield>
   <datafield ind1=" " ind2=" " tag="911">
      <subfield code="a">19980129</subfield>
   </datafield>
   <datafield ind1=" " ind2=" " tag="912">
      <subfield code="a">19980120000000.0</subfield>
   </datafield>
   <datafield ind1="0" ind2="0" tag="852">
      <subfield code="0">1373620</subfield>
      <subfield code="b">rcppa</subfield>
      <subfield code="t">1</subfield>
      <subfield code="h">DS79.65</subfield>
      <subfield code="i">.Q274 1960</subfield>
      <subfield code="x">tr fr arab</subfield>
   </datafield>
   <datafield ind1=" " ind2=" " tag="959">
      <subfield code="a">2000-06-13 00:00:00 -0400</subfield>
   </datafield>
</record>
